% ------------------------------------------------------------------------
% SAMPLE BIBLIOGRAPHY FILE
% ------------------------------------------------------------------------
@misc{cert,
  key =          {CERT Devision},
  title =        {About us | The CERT Divison},
  howpublished = {},
  institution  = {CERT},
  day =       20,
  month =     {Juli},
  year =         2016,
  note =         {[online] \url{https://www.cert.org/about/}. Abgerufen am 15.10.2016.},
  url = {https://www.cert.org/about/}
}

@misc{homonym,
  key =          {NetworkWorld},
  title =        {CERTs and CIRTs: homonyms but not synonyms, Part 1},
  howpublished = {},
  institution  = {CERT},
  day =       13,
  month =     {Januar},
  year =         2015,
  note =         {[online] \url{http://www.networkworld.com/article/2328305/lan-wan/certs-and-cirts--homonyms-but-not-synonyms--part-1.html}. Abgerufen am 08.10.2016.},
  url = {http://www.networkworld.com/article/2328305/lan-wan/certs-and-cirts--homonyms-but-not-synonyms--part-1.html}
}

@misc{ransomware,
  key =          {Trend Micro USA},
  title =        {Ransomware Definition},
  howpublished = {},
  institution  = {Trend Micro USA},
  day =       15,
  month =     {October},
  year =         2016,
  note =         {[online] \url{http://www.trendmicro.com/vinfo/us/security/definition/ransomware/}. Abgerufen am 08.10.2016.},
  url = {http://www.trendmicro.com/vinfo/us/security/definition/ransomware/}
}

@misc{switch,
  key =          {SWITCH},
  title =        {Die SWITCH-CERT-Story},
  howpublished = {},
  institution  = {SWITCH},
  day =       23,
  month =     {August},
  year =         2016,
  note =         {[online] \url{http://www.switch.ch/de/stories/20years_cert/}. Abgerufen am 08.10.2016.},
  url = {http://www.switch.ch/de/stories/20years_cert/}
}

@misc{first,
  key =          {first},
  title =        {Forum for Incident Response and Security Teams},
  howpublished = {},
  institution  = {FIRST},
  day =       15,
  month =     {October},
  year =         2016,
  note =         {[online] \url{https://www.first.org/}. Abgerufen am 08.10.2016.},
  url = {https://www.first.org/}
}

@misc{certbund,
  key =          {CERT-Bund},
  title =        {CERT-Bund â€“ Das Computer-Notfallteam des BSI },
  howpublished = {},
  institution  = {CERT-Bund},
  day =       15,
  month =     {October},
  year =         2016,
  note =         {[online] \url{https://www.cert-bund.de/about}. Abgerufen am 08.10.2016.},
  url = {https://www.cert-bund.de/about}
}

@misc{iso27035,
  key =          {iso27035},
  title =        {ISO/IEC 27035},
  howpublished = {},
  institution  = {ISO},
  day =       01,
  month =     {Januar},
  year =         2011,
  note =         {[online] \url{http://www.iso27001security.com/html/27035.html}. Abgerufen am 08.10.2016.},
  url = {http://www.iso27001security.com/html/27035.html}
}

@misc{enisaguide,
  key =          {enisaguide},
  title =        {ENISA - CSIRT Setting up Guide},
  howpublished = {},
  institution  = {ENISA},
  day =       22,
  month =     {December},
  year =         2006,
  note =         {[online] \url{https://www.enisa.europa.eu/publications/csirt-setting-up-guide}. Abgerufen am 12.10.2016.},
  url = {https://www.enisa.europa.eu/publications/csirt-setting-up-guide}
}

@misc{rasci,
  key =          {rasci},
  title =        {Responsibility assignment matrix},
  howpublished = {},
  institution  = {Wikipedia},
  day =       11,
  month =     {October},
  year =         2016,
  note =         {[online] \url{https://en.wikipedia.org/wiki/Responsibility_assignment_matrix#RASCI}. Abgerufen am 15.10.2016.},
  url = {https://en.wikipedia.org/wiki/Responsibility_assignment_matrix#RASCI}
}

% ------------------------------------------------------------------------